@misc{libAR,
   author = {Parrot-Developers},
   title = {lib{ARC}ontroller --- {G}it{H}ub repository},
   howpublished = {\url{https://github.com/Parrot-Developers/libARController}},
   commit = {be96ce4bca1590040a443618598b54f3d36c826a},
   note = {[consulté le 23-Mai-2017]}
}

@misc{ARSDK,
   author = {Parrot-Developers},
   title = {{ARSDK}3},
   howpublished = {\url{http://developer.parrot.com/docs/SDK3/}},
   note = {[consulté le 23-Mai-2017]}
}

@misc{pr,
   author = {Luciana Arantes},
   title = {Programmation répartie},
   year = {2017},
   note = {Université Pierre et Marie Curie}
}

@misc{pc2r,
   author = {Emmanuel Chailloux},
   title = {Programmation concurrente, réactive et répartie},
   year = {2016},
   note = {Université Pierre et Marie Curie}
}

@book{jobard2016drones,
  title={Les drones: fonctionnement{,} pilotage{,} applications{,} r{\'e}glementation},
  author={Jobard, Rodolphe},
  year={2016},
  publisher={Editions Eyrolles}
}

@book{murphy2010art,
  title={L'art du d{\'e}veloppement Android},
  author={Murphy, Mark},
  year={2010},
  publisher={Pearson Education France}
}